<?xml version="1.0" encoding="UTF-8"?><collection xmlns="http://www.loc.gov/MARC21/slim"><record><leader>00506nam--2200169-i-4500</leader><controlfield tag="001">000008618</controlfield><controlfield tag="002">20161230</controlfield><controlfield tag="005">20161230201027</controlfield><controlfield tag="008">060222s1000------------r-----000-0-eng-d</controlfield><datafield ind1=" " ind2=" " tag="040"><subfield code="a">IFIN-HH</subfield></datafield><datafield ind1=" " ind2=" " tag="080"><subfield code="a">539.172</subfield></datafield><datafield ind1="1" ind2=" " tag="100"><subfield code="a">Bell, Robert Brooks</subfield></datafield><datafield ind1="1" ind2="0" tag="245"><subfield code="a">Resonances in the reaction k-n-&gt; from 1660 mev to 1900 mev</subfield><subfield code="b">Dissertation</subfield><subfield code="c">Robert brooks bell</subfield></datafield><datafield ind1=" " ind2=" " tag="260"><subfield code="a">Ann Arbor, Michigan</subfield><subfield code="b">University Microfilms, Inc</subfield><subfield code="c">1966</subfield></datafield><datafield ind1=" " ind2=" " tag="300"><subfield code="a">II + 80 P</subfield></datafield><datafield ind1=" " ind2=" " tag="852"><subfield code="a">29257</subfield><subfield code="c">539.17</subfield></datafield><datafield ind1=" " ind2=" " tag="CAT"><subfield code="a">Sys</subfield><subfield code="c">20120601</subfield><subfield code="h">141135</subfield></datafield></record></collection>